%YAML 1.1
%TAG !u! tag:unity3d.com,2011:
--- !u!136 &6225235596141781483
CapsuleCollider:
  m_ObjectHideFlags: 0
  m_CorrespondingSourceObject: {fileID: 0}
  m_PrefabInstance: {fileID: 0}
  m_PrefabAsset: {fileID: 0}
  m_GameObject: {fileID: 1268615681658112393}
  m_Material: {fileID: 0}
  m_IsTrigger: 0
  m_Enabled: 1
  m_Radius: 0.31243107
  m_Height: 1.6153897
  m_Direction: 1
  m_Center: {x: 0.0052364054, y: 0.7392869, z: 0.1057551}
--- !u!95 &6225235596141781480
Animator:
  serializedVersion: 3
  m_ObjectHideFlags: 0
  m_CorrespondingSourceObject: {fileID: 0}
  m_PrefabInstance: {fileID: 0}
  m_PrefabAsset: {fileID: 0}
  m_GameObject: {fileID: 1268615681658112393}
  m_Enabled: 1
  m_Avatar: {fileID: 9000000, guid: 8f7380da49034cd488ddff94b1ac35d1, type: 3}
  m_Controller: {fileID: 9100000, guid: eae8dd87d86d499458bc0b15ac8b2b6d, type: 2}
  m_CullingMode: 0
  m_UpdateMode: 0
  m_ApplyRootMotion: 1
  m_LinearVelocityBlending: 0
  m_WarningMessage: 
  m_HasTransformHierarchy: 1
  m_AllowConstantClipSamplingOptimization: 1
  m_KeepAnimatorControllerStateOnDisable: 0
--- !u!195 &6225235596141781482
NavMeshAgent:
  m_ObjectHideFlags: 0
  m_CorrespondingSourceObject: {fileID: 0}
  m_PrefabInstance: {fileID: 0}
  m_PrefabAsset: {fileID: 0}
  m_GameObject: {fileID: 1268615681658112393}
  m_Enabled: 1
  m_AgentTypeID: 0
  m_Radius: 0.5
  m_Speed: 3.5
  m_Acceleration: 8
  avoidancePriority: 50
  m_AngularSpeed: 120
  m_StoppingDistance: 0
  m_AutoTraverseOffMeshLink: 1
  m_AutoBraking: 1
  m_AutoRepath: 1
  m_Height: 2
  m_BaseOffset: 0
  m_WalkableMask: 4294967295
  m_ObstacleAvoidanceType: 4
--- !u!114 &6225235596141781481
MonoBehaviour:
  m_ObjectHideFlags: 0
  m_CorrespondingSourceObject: {fileID: 0}
  m_PrefabInstance: {fileID: 0}
  m_PrefabAsset: {fileID: 0}
  m_GameObject: {fileID: 1268615681658112393}
  m_Enabled: 1
  m_EditorHideFlags: 0
  m_Script: {fileID: 11500000, guid: 96f88511f07a37944874838924c193c7, type: 3}
  m_Name: 
  m_EditorClassIdentifier: 
  valor: 100
  Ref1: {fileID: 0}
  "multiplicadorDa\xF1o": 1
  textoFlotantePrefab: {fileID: 8626889817620853050, guid: f7422d7a304fa824e90aed1266367a5b,
    type: 3}
  "da\xF1oTotal": 0
--- !u!114 &6225235596141781486
MonoBehaviour:
  m_ObjectHideFlags: 0
  m_CorrespondingSourceObject: {fileID: 0}
  m_PrefabInstance: {fileID: 0}
  m_PrefabAsset: {fileID: 0}
  m_GameObject: {fileID: 1268615681658112393}
  m_Enabled: 1
  m_EditorHideFlags: 0
  m_Script: {fileID: 11500000, guid: 77d54e7b5451b7543a29109eaf746d43, type: 3}
  m_Name: 
  m_EditorClassIdentifier: 
  Vida0: 0
  estaAtacando: 0
  velocidad: 1
  angularSpeed: 120
  "da\xF1o": 35
  encontrado: 0
  sumarPuntos: 0
  puntajePantalla: {fileID: 2292468460556781912, guid: 834b253a737e6334da250319e79ed6b9,
    type: 3}
--- !u!65 &1370544568
BoxCollider:
  m_ObjectHideFlags: 0
  m_CorrespondingSourceObject: {fileID: 0}
  m_PrefabInstance: {fileID: 0}
  m_PrefabAsset: {fileID: 0}
  m_GameObject: {fileID: 3912565618180320486}
  m_Material: {fileID: 0}
  m_IsTrigger: 0
  m_Enabled: 1
  serializedVersion: 2
  m_Size: {x: 0.22792965, y: 0.2193207, z: 0.14523664}
  m_Center: {x: -0.051643234, y: 0.043254625, z: 0.0047117993}
--- !u!114 &1370544567
MonoBehaviour:
  m_ObjectHideFlags: 0
  m_CorrespondingSourceObject: {fileID: 0}
  m_PrefabInstance: {fileID: 0}
  m_PrefabAsset: {fileID: 0}
  m_GameObject: {fileID: 3912565618180320486}
  m_Enabled: 1
  m_EditorHideFlags: 0
  m_Script: {fileID: 11500000, guid: 96f88511f07a37944874838924c193c7, type: 3}
  m_Name: 
  m_EditorClassIdentifier: 
  valor: 100
  Ref1: {fileID: 6225235596141781481}
  "multiplicadorDa\xF1o": 2
  textoFlotantePrefab: {fileID: 8626889817620853050, guid: f7422d7a304fa824e90aed1266367a5b,
    type: 3}
  "da\xF1oTotal": 0
--- !u!1001 &7114256035475853440
PrefabInstance:
  m_ObjectHideFlags: 0
  serializedVersion: 2
  m_Modification:
    m_TransformParent: {fileID: 0}
    m_Modifications:
    - target: {fileID: -8491430595766072582, guid: 59dbfb66512f63c4eb6e1e30e0603198,
        type: 3}
      propertyPath: m_Materials.Array.data[0]
      value: 
      objectReference: {fileID: 2100000, guid: 9fdb5531bdf185e448dd06dfa8192f8d, type: 2}
    - target: {fileID: -8250045251222862808, guid: 59dbfb66512f63c4eb6e1e30e0603198,
        type: 3}
      propertyPath: m_Materials.Array.data[0]
      value: 
      objectReference: {fileID: 2100000, guid: 9fdb5531bdf185e448dd06dfa8192f8d, type: 2}
    - target: {fileID: -4216859302048453862, guid: 59dbfb66512f63c4eb6e1e30e0603198,
        type: 3}
      propertyPath: m_RootOrder
      value: 0
      objectReference: {fileID: 0}
    - target: {fileID: -4216859302048453862, guid: 59dbfb66512f63c4eb6e1e30e0603198,
        type: 3}
      propertyPath: m_LocalScale.x
      value: 1.3
      objectReference: {fileID: 0}
    - target: {fileID: -4216859302048453862, guid: 59dbfb66512f63c4eb6e1e30e0603198,
        type: 3}
      propertyPath: m_LocalScale.y
      value: 1.3
      objectReference: {fileID: 0}
    - target: {fileID: -4216859302048453862, guid: 59dbfb66512f63c4eb6e1e30e0603198,
        type: 3}
      propertyPath: m_LocalScale.z
      value: 1.3
      objectReference: {fileID: 0}
    - target: {fileID: -4216859302048453862, guid: 59dbfb66512f63c4eb6e1e30e0603198,
        type: 3}
      propertyPath: m_LocalPosition.x
      value: -37.783623
      objectReference: {fileID: 0}
    - target: {fileID: -4216859302048453862, guid: 59dbfb66512f63c4eb6e1e30e0603198,
        type: 3}
      propertyPath: m_LocalPosition.y
      value: 0.01
      objectReference: {fileID: 0}
    - target: {fileID: -4216859302048453862, guid: 59dbfb66512f63c4eb6e1e30e0603198,
        type: 3}
      propertyPath: m_LocalPosition.z
      value: 36.592926
      objectReference: {fileID: 0}
    - target: {fileID: -4216859302048453862, guid: 59dbfb66512f63c4eb6e1e30e0603198,
        type: 3}
      propertyPath: m_LocalRotation.w
      value: 0.00081560604
      objectReference: {fileID: 0}
    - target: {fileID: -4216859302048453862, guid: 59dbfb66512f63c4eb6e1e30e0603198,
        type: 3}
      propertyPath: m_LocalRotation.x
      value: -0
      objectReference: {fileID: 0}
    - target: {fileID: -4216859302048453862, guid: 59dbfb66512f63c4eb6e1e30e0603198,
        type: 3}
      propertyPath: m_LocalRotation.y
      value: 0.9999997
      objectReference: {fileID: 0}
    - target: {fileID: -4216859302048453862, guid: 59dbfb66512f63c4eb6e1e30e0603198,
        type: 3}
      propertyPath: m_LocalRotation.z
      value: -0
      objectReference: {fileID: 0}
    - target: {fileID: -4216859302048453862, guid: 59dbfb66512f63c4eb6e1e30e0603198,
        type: 3}
      propertyPath: m_LocalEulerAnglesHint.x
      value: 0
      objectReference: {fileID: 0}
    - target: {fileID: -4216859302048453862, guid: 59dbfb66512f63c4eb6e1e30e0603198,
        type: 3}
      propertyPath: m_LocalEulerAnglesHint.y
      value: 179.90701
      objectReference: {fileID: 0}
    - target: {fileID: -4216859302048453862, guid: 59dbfb66512f63c4eb6e1e30e0603198,
        type: 3}
      propertyPath: m_LocalEulerAnglesHint.z
      value: 0
      objectReference: {fileID: 0}
    - target: {fileID: -4035913591656547229, guid: 59dbfb66512f63c4eb6e1e30e0603198,
        type: 3}
      propertyPath: m_Materials.Array.data[0]
      value: 
      objectReference: {fileID: 2100000, guid: 9fdb5531bdf185e448dd06dfa8192f8d, type: 2}
    - target: {fileID: -3238383093278388034, guid: 59dbfb66512f63c4eb6e1e30e0603198,
        type: 3}
      propertyPath: m_Materials.Array.data[0]
      value: 
      objectReference: {fileID: 2100000, guid: 9fdb5531bdf185e448dd06dfa8192f8d, type: 2}
    - target: {fileID: -927199367670048503, guid: 59dbfb66512f63c4eb6e1e30e0603198,
        type: 3}
      propertyPath: m_Name
      value: Enemigo1
      objectReference: {fileID: 0}
    - target: {fileID: -927199367670048503, guid: 59dbfb66512f63c4eb6e1e30e0603198,
        type: 3}
      propertyPath: m_TagString
      value: Enemigo
      objectReference: {fileID: 0}
    - target: {fileID: 950176277020254559, guid: 59dbfb66512f63c4eb6e1e30e0603198,
        type: 3}
      propertyPath: m_Materials.Array.data[0]
      value: 
      objectReference: {fileID: 2100000, guid: 9fdb5531bdf185e448dd06dfa8192f8d, type: 2}
    - target: {fileID: 1295025619737806477, guid: 59dbfb66512f63c4eb6e1e30e0603198,
        type: 3}
      propertyPath: m_Materials.Array.data[0]
      value: 
      objectReference: {fileID: 2100000, guid: 9fdb5531bdf185e448dd06dfa8192f8d, type: 2}
    - target: {fileID: 1841111061274514038, guid: 59dbfb66512f63c4eb6e1e30e0603198,
        type: 3}
      propertyPath: m_Materials.Array.data[0]
      value: 
      objectReference: {fileID: 2100000, guid: 9fdb5531bdf185e448dd06dfa8192f8d, type: 2}
    - target: {fileID: 2008718153645422078, guid: 59dbfb66512f63c4eb6e1e30e0603198,
        type: 3}
      propertyPath: m_Materials.Array.data[0]
      value: 
      objectReference: {fileID: 2100000, guid: 9fdb5531bdf185e448dd06dfa8192f8d, type: 2}
    - target: {fileID: 2259406133372280804, guid: 59dbfb66512f63c4eb6e1e30e0603198,
        type: 3}
      propertyPath: m_Materials.Array.data[0]
      value: 
      objectReference: {fileID: 2100000, guid: 9fdb5531bdf185e448dd06dfa8192f8d, type: 2}
    - target: {fileID: 3850906372446234885, guid: 59dbfb66512f63c4eb6e1e30e0603198,
        type: 3}
      propertyPath: m_Materials.Array.data[0]
      value: 
      objectReference: {fileID: 2100000, guid: 9fdb5531bdf185e448dd06dfa8192f8d, type: 2}
    - target: {fileID: 3960339872289098375, guid: 59dbfb66512f63c4eb6e1e30e0603198,
        type: 3}
      propertyPath: m_Materials.Array.data[0]
      value: 
      objectReference: {fileID: 2100000, guid: 9fdb5531bdf185e448dd06dfa8192f8d, type: 2}
    - target: {fileID: 4824159116619257500, guid: 59dbfb66512f63c4eb6e1e30e0603198,
        type: 3}
      propertyPath: m_Materials.Array.data[0]
      value: 
      objectReference: {fileID: 2100000, guid: 9fdb5531bdf185e448dd06dfa8192f8d, type: 2}
    - target: {fileID: 6122313397066071142, guid: 59dbfb66512f63c4eb6e1e30e0603198,
        type: 3}
      propertyPath: m_TagString
      value: Enemigo
      objectReference: {fileID: 0}
    - target: {fileID: 8136885651031571218, guid: 59dbfb66512f63c4eb6e1e30e0603198,
        type: 3}
      propertyPath: m_Materials.Array.data[0]
      value: 
      objectReference: {fileID: 2100000, guid: 9fdb5531bdf185e448dd06dfa8192f8d, type: 2}
    - target: {fileID: 8847052653517563426, guid: 59dbfb66512f63c4eb6e1e30e0603198,
        type: 3}
      propertyPath: m_Materials.Array.data[0]
      value: 
      objectReference: {fileID: 2100000, guid: 9fdb5531bdf185e448dd06dfa8192f8d, type: 2}
    m_RemovedComponents: []
  m_SourcePrefab: {fileID: 100100000, guid: 59dbfb66512f63c4eb6e1e30e0603198, type: 3}
--- !u!1 &1268615681658112393 stripped
GameObject:
  m_CorrespondingSourceObject: {fileID: -927199367670048503, guid: 59dbfb66512f63c4eb6e1e30e0603198,
    type: 3}
  m_PrefabInstance: {fileID: 7114256035475853440}
  m_PrefabAsset: {fileID: 0}
--- !u!1 &3912565618180320486 stripped
GameObject:
  m_CorrespondingSourceObject: {fileID: 6122313397066071142, guid: 59dbfb66512f63c4eb6e1e30e0603198,
    type: 3}
  m_PrefabInstance: {fileID: 7114256035475853440}
  m_PrefabAsset: {fileID: 0}
